@misc{AirbusHistory2025,
  author    = {Airbus},
  title     = {Our History},
  year      = {2025},
  howpublished = {\url{https://www.airbus.com/en/about-us/our-history}}
}
